
    <record>
        <leader>00872cam a2200253 a 4500</leader>
        <controlfield tag="001">4772994</controlfield>
        <controlfield tag="005">20120606120414.0</controlfield>
        <controlfield tag="008">860116s1985    nyua          000 0 eng  </controlfield>
        <datafield tag="010" ind1=" " ind2=" ">
            <subfield code="a">   86105742 </subfield>
        </datafield>
        <datafield tag="020" ind1=" " ind2=" ">
            <subfield code="a">0930289072 (pbk.) :</subfield>
            <subfield code="c">$5.95 ($7.95 Can.)</subfield>
        </datafield>
        <datafield tag="082" ind1="0" ind2="0">
            <subfield code="a">741.5/973</subfield>
            <subfield code="2">19</subfield>
        </datafield>
        <datafield tag="100" ind1="1" ind2=" ">
            <subfield code="a">Janson, Klaus.</subfield>
            <subfield code="1">http://viaf.org/viaf/37037319</subfield>
            <subfield code="4">http://rdaregistry.info/Elements/w/object/P10058</subfield>
        </datafield>
        <datafield tag="240" ind1="1" ind2="0">
            <subfield code="a">Frost and fire</subfield>
            <subfield code="k">Tegneserie</subfield>
            <subfield code="1">http://viaf.org/viaf/37037319/frostandfire</subfield>
        </datafield>
        <datafield tag="245" ind1="1" ind2="0">
            <subfield code="a">Frost and fire :</subfield>
            <subfield code="b">a story /</subfield>
            <subfield code="c">by Ray Bradbury ; adapted by Klaus Janson.</subfield>
        </datafield>
        <datafield tag="260" ind1=" " ind2=" ">
            <subfield code="a">New York, NY :</subfield>
            <subfield code="b">DC Comics,</subfield>
            <subfield code="c">c1985.</subfield>
        </datafield>
        <datafield tag="300" ind1=" " ind2=" ">
            <subfield code="a">[48] p. :</subfield>
            <subfield code="b">col. ill. ;</subfield>
            <subfield code="c">28 cm.</subfield>
        </datafield>
        <datafield tag="336" ind1=" " ind2=" ">
            <subfield code="a">text</subfield>
            <subfield code="0">http://rdaregistry.info/termList/RDAContentType/1020</subfield>
        </datafield>
        <datafield tag="337" ind1=" " ind2=" ">
            <subfield code="a">unmediated</subfield>
            <subfield code="0">http://rdaregistry.info/termList/RDAMediaType/1007</subfield>
        </datafield>
        <datafield tag="338" ind1=" " ind2=" ">
            <subfield code="a">volume</subfield>
            <subfield code="0">http://rdaregistry.info/termList/RDACarrierType/1049</subfield>
        </datafield>
        <datafield tag="380" ind1=" " ind2=" ">
            <subfield code="a">Language-based work</subfield>
            <subfield code="0">https://schema.nb.no/Bibliographic/Values/V1000</subfield>
        </datafield>
        <datafield tag="440" ind1=" " ind2="0">
            <subfield code="a">Science fiction graphic novel ;</subfield>
            <subfield code="v">SF 3</subfield>
        </datafield>
        <datafield tag="700" ind1="1" ind2=" ">
            <subfield code="a">Bradbury, Ray,</subfield>
            <subfield code="d">1920-2012.</subfield>
            <subfield code="1">http://viaf.org/viaf/12305881</subfield>
            <subfield code="4">http://rdaregistry.info/Elements/w/object/P10061</subfield>
            <subfield code="8">1</subfield>
        </datafield>
        <datafield tag="700" ind1="1" ind2=" ">
            <subfield code="a">Bradbury, Ray,</subfield>
            <subfield code="d">1920-2012.</subfield>
            <subfield code="t">Frost and fire</subfield>
            <subfield code="1">https://www.isfdb.org/cgi-bin/title.cgi?64869</subfield>
            <subfield code="4">http://rdaregistry.info/Elements/w/object/P10252</subfield>
            <subfield code="8">1</subfield>
        </datafield>
    </record>