
    <record>
        <leader>02057cam a2200409 a 4500</leader>
        <controlfield tag="001">2221389</controlfield>
        <controlfield tag="005">20220524122716.0</controlfield>
        <controlfield tag="008">750807s1974    ctuaf         000 1 eng  </controlfield>
        <datafield tag="010" ind1=" " ind2=" ">
            <subfield code="a">   75321031 </subfield>
        </datafield>
        <datafield tag="051" ind1=" " ind2=" ">
            <subfield code="a">LEC no. 480</subfield>
            <subfield code="c">Copy no. 1, in slipcase, acquired as part of an archival set from the publisher in 2008. Laid in: announcement and reproduction of no. 480 (Nov. 1974) of Monthly letter of Limited Editions Club.</subfield>
        </datafield>
        <datafield tag="082" ind1="0" ind2="0">
            <subfield code="a">813/.5/4</subfield>
        </datafield>
        <datafield tag="100" ind1="1" ind2=" ">
            <subfield code="a">Bradbury, Ray,</subfield>
            <subfield code="d">1920-2012.</subfield>
            <subfield code="1">http://viaf.org/viaf/12305881</subfield>
            <subfield code="4">http://rdaregistry.info/Elements/w/object/P10061</subfield>
        </datafield>
        <datafield tag="240" ind1="1" ind2="4">
            <subfield code="a">The martian chronicles</subfield>
            <subfield code="k">Roman</subfield>
            <subfield code="1">http://viaf.org/viaf/175761003</subfield>
        </datafield>
        <datafield tag="245" ind1="1" ind2="4">
            <subfield code="a">The Martian chronicles /</subfield>
            <subfield code="c">by Ray Bradbury ; with an introduction by Martin Gardner and illustrations by Joseph Mugnaini.</subfield>
        </datafield>
        <datafield tag="260" ind1=" " ind2=" ">
            <subfield code="a">Avon, Conn. :</subfield>
            <subfield code="b">Limited Editions Club,</subfield>
            <subfield code="c">1974</subfield>
            <subfield code="e">(Bloomfield :</subfield>
            <subfield code="f">Connecticut Printers)</subfield>
        </datafield>
        <datafield tag="300" ind1=" " ind2=" ">
            <subfield code="a">xviii, 309 p., [12] leaves of plates :</subfield>
            <subfield code="b">ill. (some col.) ;</subfield>
            <subfield code="c">28 cm.</subfield>
        </datafield>        
        <datafield tag="336" ind1=" " ind2=" ">
            <subfield code="a">text</subfield>
            <subfield code="0">http://rdaregistry.info/termList/RDAContentType/1020</subfield>
        </datafield>
        <datafield tag="337" ind1=" " ind2=" ">
            <subfield code="a">unmediated</subfield>
            <subfield code="0">http://rdaregistry.info/termList/RDAMediaType/1007</subfield>
        </datafield>
        <datafield tag="338" ind1=" " ind2=" ">
            <subfield code="a">volume</subfield>
            <subfield code="0">http://rdaregistry.info/termList/RDACarrierType/1049</subfield>
            <subfield code="2">rdacarrier</subfield>
        </datafield>
        <datafield tag="380" ind1=" " ind2=" ">
            <subfield code="a">Language-based work</subfield>
            <subfield code="0">https://schema.nb.no/Bibliographic/Values/V1000</subfield>
        </datafield>
        <datafield tag="500" ind1=" " ind2=" ">
            <subfield code="a">Issued in slipcase.</subfield>
        </datafield>
        <datafield tag="500" ind1=" " ind2=" ">
            <subfield code="a">LC has copyright deposit copy, with embossed stamp below colophon: This is one of 15 presentation copies 'out of series.'</subfield>
            <subfield code="5">DLC</subfield>
        </datafield>
        <datafield tag="500" ind1=" " ind2=" ">
            <subfield code="a">Limited ed. of 2,000, designed by Ernst Reichl, and signed by author and illustrator.</subfield>
        </datafield>
        <datafield tag="510" ind1="4" ind2=" ">
            <subfield code="a">Limited Editions Club. Bibliography of the fine books published by the Limited Editions Club, 1929-1985,</subfield>
            <subfield code="c">no. 480</subfield>
        </datafield>
        <datafield tag="510" ind1="4" ind2=" ">
            <subfield code="a">Newman &amp; Wiche. Great and good books,</subfield>
            <subfield code="c">480</subfield>
        </datafield>
        <datafield tag="700" ind1="1" ind2=" ">
            <subfield code="a">Mugnaini, Joseph A.,</subfield>
            <subfield code="e">illustrator.</subfield>
        </datafield>
        <datafield tag="700" ind1="1" ind2=" ">
            <subfield code="a">Reichl, Ernst,</subfield>
            <subfield code="d">1900-1980,</subfield>
            <subfield code="e">book designer.</subfield>
        </datafield>
        <datafield tag="710" ind1="2" ind2=" ">
            <subfield code="a">Connecticut Printers,</subfield>
            <subfield code="e">printer.</subfield>
        </datafield>
        <datafield tag="710" ind1="2" ind2=" ">
            <subfield code="a">Limited Editions Club Collection (Library of Congress)</subfield>
            <subfield code="5">DLC</subfield>
        </datafield>
        <datafield tag="710" ind1="2" ind2=" ">
            <subfield code="a">Limited Editions Club,</subfield>
            <subfield code="e">former owner.</subfield>
            <subfield code="5">DLC</subfield>
        </datafield>
    </record>