
    <record>
        <leader>01744cjm a22004571a 4500</leader>
        <controlfield tag="001">12066141</controlfield>
        <controlfield tag="005">20191015104727.0</controlfield>
        <controlfield tag="007">sdufungnn---ed</controlfield>
        <controlfield tag="008">931201s1991    nyuopn j di         eng  </controlfield>
        <datafield tag="010" ind1=" " ind2=" ">
            <subfield code="a">   99586715 </subfield>
        </datafield>
        <datafield tag="024" ind1="1" ind2=" ">
            <subfield code="a">034061009122</subfield>
        </datafield>
        <datafield tag="028" ind1="0" ind2="2">
            <subfield code="a">TROY091</subfield>
            <subfield code="b">Albany Records</subfield>
        </datafield>
        <datafield tag="033" ind1="1" ind2="0">
            <subfield code="a">19900508</subfield>
            <subfield code="b">4104</subfield>
            <subfield code="c">C6</subfield>
        </datafield>
        <datafield tag="100" ind1="1" ind2=" ">
            <subfield code="a">Rapchak, Lawrence,</subfield>
            <subfield code="d">1951-</subfield>
        </datafield>
        <datafield tag="130" ind1="1" ind2="4">
            <subfield code="a">The lifework of Juan Diaz</subfield>
            <subfield code="k">Musikk</subfield>
            <subfield code="1">https://www.isfdb.org/cgi-bin/title.cgi?64848/musikk</subfield>
        </datafield>
        <datafield tag="245" ind1="1" ind2="4">
            <subfield code="a">The lifework of Juan Diaz</subfield>
            <subfield code="h">[sound recording] / Lawrence Rapchak ; based on the story by Ray Bradbury.</subfield>
        </datafield>
        <datafield tag="260" ind1=" " ind2=" ">
            <subfield code="a">Albany, NY :</subfield>
            <subfield code="b">Albany Records,</subfield>
            <subfield code="c">[1993]</subfield>
        </datafield>
        <datafield tag="300" ind1=" " ind2=" ">
            <subfield code="a">1 sound disc (77 min., 10 sec.) :</subfield>
            <subfield code="b">digital ;</subfield>
            <subfield code="c">4 3/4 in.</subfield>
        </datafield>
        <datafield tag="336" ind1=" " ind2=" ">
            <subfield code="a">performed music</subfield>
            <subfield code="2">rdacontent</subfield>
            <subfield code="0">http://rdaregistry.info/termList/RDAContentType/1011</subfield>
        </datafield>
        <datafield tag="337" ind1=" " ind2=" ">
            <subfield code="a">audio</subfield>
            <subfield code="2">rdamedia</subfield>
            <subfield code="0">http://rdaregistry.info/termList/RDAMediaType/1001</subfield>
        </datafield>
        <datafield tag="338" ind1=" " ind2=" ">
            <subfield code="a">compact disc</subfield>
            <subfield code="2">rdacarrier</subfield>
            <subfield code="0">http://rdaregistry.info/termList/RDACarrierType/1013</subfield>
        </datafield>
        <datafield tag="306" ind1=" " ind2=" ">
            <subfield code="a">011710</subfield>
        </datafield>
        <datafield tag="500" ind1=" " ind2=" ">
            <subfield code="a">Albany Records: TROY091.</subfield>
        </datafield>
        <datafield tag="500" ind1=" " ind2=" ">
            <subfield code="a">Chamber opera in one act.</subfield>
        </datafield>
        <datafield tag="500" ind1=" " ind2=" ">
            <subfield code="a">Compact disc.</subfield>
        </datafield>
        <datafield tag="500" ind1=" " ind2=" ">
            <subfield code="a">Libretto adapted by Carl Ratner.</subfield>
        </datafield>
        <datafield tag="500" ind1=" " ind2=" ">
            <subfield code="a">Program notes and libretto inserted in container.</subfield>
        </datafield>
        <datafield tag="511" ind1="0" ind2=" ">
            <subfield code="a">Chamber Opera Chicago ; featuring Robert Hovencamp, as Juan Diaz ; Carol Loverde, as Maria Diaz ; Richard Alderson, as Alejandro ; Darrell Rowader, as Ricardo ; Lawrence Rapchak, conductor.</subfield>
        </datafield>
        <datafield tag="518" ind1=" " ind2=" ">
            <subfield code="a">Recorded May 8, 1990, in Chicago, Ill.</subfield>
        </datafield>
        <datafield tag="600" ind1="1" ind2="0">
            <subfield code="a">Bradbury, Ray,</subfield>
            <subfield code="d">1920-2012</subfield>
            <subfield code="v">Musical settings.</subfield>
        </datafield>
        <datafield tag="700" ind1="1" ind2=" ">
            <subfield code="a">Alderson, Richard.</subfield>
            <subfield code="4">prf</subfield>
        </datafield>
        <datafield tag="700" ind1="1" ind2=" ">
            <subfield code="a">Bradbury, Ray,</subfield>
            <subfield code="d">1920-2012.</subfield>
            <subfield code="t">Lifework of Juan Diaz</subfield>
            <subfield code="k">Novelle</subfield>
            <subfield code="1">https://www.isfdb.org/cgi-bin/title.cgi?64848</subfield>
            <subfield code="4">http://rdaregistry.info/Elements/w/P10189</subfield>
            <subfield code="8">1</subfield>
        </datafield>
        <datafield tag="700" ind1="1" ind2=" ">
            <subfield code="a">Bradbury, Ray,</subfield>
            <subfield code="d">1920-2012.</subfield>
            <subfield code="1">http://viaf.org/viaf/12305881</subfield>
            <subfield code="4">http://rdaregistry.info/Elements/w/object/P10061</subfield>
            <subfield code="8">1</subfield>
        </datafield>
        <datafield tag="700" ind1="1" ind2=" ">
            <subfield code="a">Hovencamp, Robert.</subfield>
            <subfield code="1">http://www.example.org/hovencamprobert</subfield>
            <subfield code="4">prf</subfield>
            <subfield code="4">http://rdaregistry.info/Elements/e/object/P20039</subfield>
        </datafield>
        <datafield tag="700" ind1="1" ind2=" ">
            <subfield code="a">Loverde, Carol.</subfield>
            <subfield code="1">http://www.example.org/loverdecarol</subfield>
            <subfield code="4">prf</subfield>
            <subfield code="4">http://rdaregistry.info/Elements/e/object/P20039</subfield>
        </datafield>
        <datafield tag="700" ind1="1" ind2=" ">
            <subfield code="a">Rapchak, Lawrence,</subfield>
            <subfield code="d">1951-</subfield>
            <subfield code="1">http://www.example.org/rapchaklawrence</subfield>
            <subfield code="4">cnd</subfield>
            <subfield code="4">http://rdaregistry.info/Elements/e/object/P20011</subfield>
        </datafield>
        <datafield tag="700" ind1="1" ind2=" ">
            <subfield code="a">Ratner, Carl,</subfield>
            <subfield code="c">librettist.</subfield>
            <subfield code="1">http://www.example.org/ratnercarl</subfield>
            <subfield code="4">http://rdaregistry.info/Elements/w/object/P10205</subfield>
        </datafield>
        <datafield tag="700" ind1="1" ind2=" ">
            <subfield code="a">Rowader, Darrell.</subfield>
            <subfield code="4">prf</subfield>
            <subfield code="1">http://www.example.org/rowaderdarrell</subfield>
            <subfield code="4">http://rdaregistry.info/Elements/e/object/P20039</subfield>
        </datafield>
        <datafield tag="710" ind1="2" ind2=" ">
            <subfield code="a">Chamber Opera Chicago.</subfield>
            <subfield code="1">http://www.example.org/chamberoperachicago</subfield>
            <subfield code="4">prf</subfield>
            <subfield code="4">http://rdaregistry.info/Elements/e/object/P20039</subfield>
        </datafield>
    </record>
</collection>

